<?xml version="1.0" encoding="UTF-8"?><collection xmlns="http://www.loc.gov/MARC21/slim"><record><leader>00489nam--2200169-i-4500</leader><controlfield tag="001">000047758</controlfield><controlfield tag="002">20161230</controlfield><controlfield tag="005">20161230201046</controlfield><controlfield tag="008">060222s1000------------r-----000-0-eng-d</controlfield><datafield ind1=" " ind2=" " tag="040"><subfield code="a">IFIN-HH</subfield></datafield><datafield ind1=" " ind2=" " tag="080"><subfield code="a">533.5</subfield></datafield><datafield ind1="1" ind2=" " tag="100"><subfield code="a">Yarwood, J</subfield></datafield><datafield ind1="1" ind2="0" tag="245"><subfield code="a">High vacuum technique, theory, practice, industrial applications and properties of materials</subfield><subfield code="c">J. yarwood</subfield></datafield><datafield ind1=" " ind2=" " tag="260"><subfield code="a">New York</subfield><subfield code="b">John Wiley &amp; Sons, Inc</subfield><subfield code="c">1948</subfield></datafield><datafield ind1=" " ind2=" " tag="300"><subfield code="a">XI+140P</subfield></datafield><datafield ind1=" " ind2=" " tag="852"><subfield code="a">1512</subfield><subfield code="c">621.52</subfield></datafield><datafield ind1=" " ind2=" " tag="CAT"><subfield code="a">Sys</subfield><subfield code="c">20130620</subfield><subfield code="h">134242</subfield></datafield></record></collection>